<record><leader>00000cas a2200000 a 4500</leader><controlfield tag="001">35295892</controlfield><controlfield tag="008">960823d19241927miudn ne      0    0eng c</controlfield><datafield ind1=" " ind2=" " tag="010"><subfield code="a">sn 96077002 </subfield></datafield><datafield ind1=" " ind2=" " tag="040"><subfield code="a">MHN</subfield><subfield code="b">eng</subfield><subfield code="c">MHN</subfield><subfield code="d">OCL</subfield><subfield code="d">OCLCQ</subfield><subfield code="d">OCLCF</subfield><subfield code="d">OCLCO</subfield></datafield><datafield ind1="1" ind2=" " tag="029"><subfield code="a">AU@</subfield><subfield code="b">000012845216</subfield></datafield><datafield ind1=" " ind2=" " tag="042"><subfield code="a">pcc</subfield></datafield><datafield ind1=" " ind2=" " tag="043"><subfield code="a">n-us-mi</subfield></datafield><datafield ind1="0" ind2="0" tag="245"><subfield code="a">Independent daily news.</subfield></datafield><datafield ind1=" " ind2=" " tag="260"><subfield code="a">Greenville, Mich. :</subfield><subfield code="b">Greenville Independent Pub. Co.</subfield></datafield><datafield ind1=" " ind2=" " tag="300"><subfield code="a">v.</subfield></datafield><datafield ind1=" " ind2=" " tag="310"><subfield code="a">Daily (except Sun.)</subfield></datafield><datafield ind1="1" ind2=" " tag="362"><subfield code="a">Began in 1924.</subfield></datafield><datafield ind1="0" ind2=" " tag="362"><subfield code="a">-v. 70, no. 33 (Feb. 8, 1927).</subfield></datafield><datafield ind1=" " ind2=" " tag="580"><subfield code="a">Formed by the union of: Greenville independent, and: Daily call (Greenville, Mich.).</subfield></datafield><datafield ind1=" " ind2=" " tag="588"><subfield code="a">Description based on: Vol. 67, no. 55 (June 30, 1924).</subfield></datafield><datafield ind1=" " ind2="0" tag="651"><subfield code="a">Greenville (Mich.)</subfield><subfield code="v">Newspapers.</subfield></datafield><datafield ind1=" " ind2="0" tag="651"><subfield code="a">Montcalm County (Mich.)</subfield><subfield code="v">Newspapers.</subfield></datafield><datafield ind1=" " ind2="7" tag="655"><subfield code="a">Newspapers.</subfield><subfield code="2">fast</subfield><subfield code="0">(OCoLC)fst01423814</subfield></datafield><datafield ind1=" " ind2="7" tag="651"><subfield code="a">Michigan</subfield><subfield code="z">Greenville.</subfield><subfield code="2">fast</subfield><subfield code="0">(OCoLC)fst01219762</subfield></datafield><datafield ind1=" " ind2="7" tag="651"><subfield code="a">Michigan</subfield><subfield code="z">Montcalm County.</subfield><subfield code="2">fast</subfield><subfield code="0">(OCoLC)fst01214746</subfield></datafield><datafield ind1=" " ind2=" " tag="752"><subfield code="a">United States</subfield><subfield code="b">Michigan</subfield><subfield code="c">Montcalm</subfield><subfield code="d">Greenville.</subfield></datafield><datafield ind1="1" ind2="4" tag="780"><subfield code="t">Greenville independent</subfield><subfield code="w">(DLC)sn 85033630</subfield><subfield code="w">(OCoLC)12115897</subfield></datafield><datafield ind1="1" ind2="4" tag="780"><subfield code="t">Daily call (Greenville, Mich.)</subfield><subfield code="w">(DLC)sn 96077000</subfield><subfield code="w">(OCoLC)35295798</subfield></datafield><datafield ind1="0" ind2="0" tag="785"><subfield code="t">Greenville daily news (Greenville, Mich.)</subfield><subfield code="w">(DLC)sn 96077003</subfield><subfield code="w">(OCoLC)35295943</subfield></datafield></record>